<record><leader>00000cas a22000007a 4500</leader><controlfield tag="001">12737337</controlfield><controlfield tag="008">851030d18521859aluwr ne      0    0eng d</controlfield><datafield ind1=" " ind2=" " tag="010"><subfield code="a">sn 85045042 </subfield></datafield><datafield ind1=" " ind2=" " tag="040"><subfield code="a">CPN</subfield><subfield code="b">eng</subfield><subfield code="c">CPN</subfield><subfield code="d">OCLCQ</subfield></datafield><datafield ind1=" " ind2=" " tag="042"><subfield code="a">msc</subfield></datafield><datafield ind1="0" ind2=" " tag="130"><subfield code="a">Auburn gazette (Auburn, Ala.)</subfield></datafield><datafield ind1="1" ind2="4" tag="245"><subfield code="a">The Auburn gazette.</subfield></datafield><datafield ind1=" " ind2=" " tag="260"><subfield code="a">Auburn, Ala. :</subfield><subfield code="b">J.W.W. Drake &amp; W. Rice</subfield></datafield><datafield ind1=" " ind2=" " tag="300"><subfield code="a">v. ;</subfield><subfield code="c">42 cm.</subfield></datafield><datafield ind1=" " ind2=" " tag="310"><subfield code="a">Weekly</subfield></datafield><datafield ind1="1" ind2=" " tag="362"><subfield code="a">Began in 1852; ceased in 1859.</subfield><subfield code="z">Cf. Ellison, R.C. Hist. and bibl. of Ala. newspapers in the nineteenth century.</subfield></datafield><datafield ind1=" " ind2=" " tag="588"><subfield code="a">Description based on: Vol. 2, no. 14 (May 27, 1853).</subfield></datafield><datafield ind1=" " ind2=" " tag="752"><subfield code="a">United States</subfield><subfield code="b">Alabama</subfield><subfield code="c">Lee</subfield><subfield code="d">Auburn.</subfield></datafield><datafield ind1="0" ind2="0" tag="780"><subfield code="t">Auburn herald (Auburn, Ala.)</subfield></datafield><datafield ind1="0" ind2="0" tag="785"><subfield code="t">Auburn signal</subfield></datafield></record>